@article{Rawlings1991,
  title = {{A new family of serine-type peptidases related to prolyl oligopeptidase.}},
  date = {1991 Nov 1},
  source = {Biochem J},
  authors = {Rawlings, ND and Polgar, L and Barrett, AJ},
  author = {Rawlings, ND and Polgar, L and Barrett, AJ},
  year = {1991},
  month = {Nov},
  journal = {Biochem J},
  volume = {279 ( Pt 3)},
  number = {},
  pages = {907-8},
  pubmed_id = {1953688},
}
